<record xmlns='http://www.loc.gov/MARC21/slim'><leader>01644ckc a2200301 a 4500</leader><controlfield tag='001'>1585528</controlfield><controlfield tag='005'>20191203163831.0</controlfield><controlfield tag='008'>940511q19081918xx nnn            inzxx  </controlfield><datafield ind1='1' ind2=' ' tag='019'><subfield code='a'>10887198</subfield></datafield><datafield ind1=' ' ind2=' ' tag='035'><subfield code='9'>(AKIN)10887198</subfield></datafield><datafield ind1=' ' ind2=' ' tag='035'><subfield code='a'>1585528</subfield></datafield><datafield ind1=' ' ind2=' ' tag='040'><subfield code='a'>ANL</subfield><subfield code='b'>eng</subfield><subfield code='d'>ANL</subfield></datafield><datafield ind1=' ' ind2=' ' tag='042'><subfield code='a'>anuc</subfield></datafield><datafield ind1=' ' ind2=' ' tag='043'><subfield code='a'>u-at---</subfield></datafield><datafield ind1='1' ind2=' ' tag='100'><subfield code='a'>Dunlop, W. A. S.,</subfield><subfield code='d'>1892-1966.</subfield></datafield><datafield ind1='1' ind2='0' tag='245'><subfield code='a'>W.A.S. Dunlop&apos;s album of photographs and memorabilia, 1908-1918</subfield><subfield code='h'>[picture].</subfield></datafield><datafield ind1=' ' ind2=' ' tag='260'><subfield code='c'>ca. 1908-1918.</subfield></datafield><datafield ind1=' ' ind2=' ' tag='300'><subfield code='a'>1 album (174 photographs) :</subfield><subfield code='b'>b&amp;w, col. ;</subfield><subfield code='c'>27.8 x 37.8 cm.</subfield></datafield><datafield ind1=' ' ind2=' ' tag='500'><subfield code='a'>Part of the collection: Dunlop family photograph albums.</subfield></datafield><datafield ind1=' ' ind2=' ' tag='520'><subfield code='a'>The album includes photographs, postcards, newspaper clippings of Australian soldiers, Anzac Cove, Egypt and the Middle East, army parades.</subfield></datafield><datafield ind1=' ' ind2=' ' tag='530'><subfield code='a'>Also available online</subfield><subfield code='u'>http://nla.gov.au/nla.obj-147780778</subfield></datafield><datafield ind1='0' ind2=' ' tag='545'><subfield code='a'>William Archibald Shuldham Dunlop was born in Holywood, County Down, Northen Ireland in 1892 and arrived in Australia with his parents as a young child. He was among the first intake in 1911 at the newly opened Royal Military College, Duntroon. He embarked on the HMAT Wiltshire on 19th October 1914 with the 4th Australian Light Horse Regiment, for Egypt, Gallipoli and then France.</subfield></datafield><datafield ind1='1' ind2='0' tag='600'><subfield code='a'>Dunlop, W. A. S.,</subfield><subfield code='d'>1892-1966.</subfield></datafield><datafield ind1=' ' ind2='0' tag='650'><subfield code='a'>World War, 1914-1918</subfield><subfield code='x'>Participation, Australian</subfield><subfield code='v'>Photographs.</subfield></datafield><datafield ind1=' ' ind2='0' tag='650'><subfield code='a'>World War, 1914-1918</subfield><subfield code='v'>Photographs.</subfield></datafield><datafield ind1='0' ind2='8' tag='773'><subfield code='i'>Main collection:</subfield><subfield code='t'>Dunlop family photograph albums</subfield><subfield code='w'>(AKIN)24850123</subfield></datafield><datafield ind1=' ' ind2='0' tag='830'><subfield code='a'>Dunlop family photograph albums.</subfield></datafield><datafield ind1='4' ind2='1' tag='856'><subfield code='z'>National Library of Australia digitised item</subfield><subfield code='u'>http://nla.gov.au/nla.obj-147780778</subfield><subfield code='x'>fulltext</subfield></datafield><datafield ind1='f' ind2='f' tag='999'><subfield code='i'>6a1d7092-fe22-5753-90b0-1b6d396aa0a6</subfield><subfield code='s'>f5e99dbb-7d49-551d-ae4b-ac7965b619e6</subfield></datafield><datafield ind1='f' ind2='f' tag='952'><subfield code='a'>National Library of Australia</subfield><subfield code='b'>Parkes</subfield><subfield code='c'>Parkes</subfield><subfield code='d'>Special Collections Reading Room (PIC [Pic MSS])</subfield><subfield code='e'>PIC/8406/1-195 LOC Album 413</subfield><subfield code='h'>Other scheme</subfield><subfield code='i'>Monograph</subfield><subfield code='m'>58a37b00-eecd-5fda-93c1-ec3aae433b00</subfield></datafield></record>